<record><leader>00000cas a2200000 a 4500</leader><controlfield tag="001">33454018</controlfield><controlfield tag="007">hd bfu---baat</controlfield><controlfield tag="007">hd afu---bact</controlfield><controlfield tag="008">951109d18991901nbuwr nea     0    0eng d</controlfield><datafield ind1=" " ind2=" " tag="010"><subfield code="a">sn 95073292 </subfield></datafield><datafield ind1=" " ind2=" " tag="040"><subfield code="a">NVG</subfield><subfield code="b">eng</subfield><subfield code="c">NVG</subfield><subfield code="d">OCL</subfield><subfield code="d">OCLCQ</subfield></datafield><datafield ind1=" " ind2=" " tag="042"><subfield code="a">msc</subfield></datafield><datafield ind1=" " ind2=" " tag="043"><subfield code="a">n-us-nb</subfield></datafield><datafield ind1="0" ind2=" " tag="130"><subfield code="a">Hastings news (Hastings, Neb.)</subfield></datafield><datafield ind1="1" ind2="4" tag="245"><subfield code="a">The Hastings news.</subfield></datafield><datafield ind1="1" ind2=" " tag="246"><subfield code="i">Title in publisher's box:</subfield><subfield code="a">Hastings weekly news</subfield><subfield code="f">Aug. 11, 1899-1901</subfield></datafield><datafield ind1=" " ind2=" " tag="260"><subfield code="a">Hastings, Neb. :</subfield><subfield code="b">J.S. Williams,</subfield><subfield code="c">1899-1901.</subfield></datafield><datafield ind1=" " ind2=" " tag="300"><subfield code="a">3 volumes</subfield></datafield><datafield ind1=" " ind2=" " tag="310"><subfield code="a">Weekly</subfield></datafield><datafield ind1=" " ind2=" " tag="336"><subfield code="a">text</subfield><subfield code="b">txt</subfield><subfield code="2">rdacontent</subfield></datafield><datafield ind1=" " ind2=" " tag="337"><subfield code="a">microform</subfield><subfield code="b">h</subfield><subfield code="2">rdamedia</subfield></datafield><datafield ind1=" " ind2=" " tag="338"><subfield code="a">microfilm reel</subfield><subfield code="b">hd</subfield><subfield code="2">rdacarrier</subfield></datafield><datafield ind1="0" ind2=" " tag="362"><subfield code="a">Vol. 3, no. 28 (July 15, 1899)-v. 5, no. 27 (June 21, 1901).</subfield></datafield><datafield ind1=" " ind2=" " tag="533"><subfield code="a">Microfilm.</subfield><subfield code="m">1899-1901:[Gaps]</subfield><subfield code="b">Lincoln, Neb. :</subfield><subfield code="c">Nebraska State Historical Society,</subfield><subfield code="d">[1967?].</subfield><subfield code="e">2 microfilm reels ; 35 mm.</subfield></datafield><datafield ind1=" " ind2=" " tag="752"><subfield code="a">United States</subfield><subfield code="b">Nebraska</subfield><subfield code="c">Adams</subfield><subfield code="d">Hastings.</subfield></datafield><datafield ind1="0" ind2="0" tag="780"><subfield code="t">Hastings weekly news</subfield><subfield code="w">(DLC)sn 95073291</subfield></datafield><datafield ind1="0" ind2="0" tag="785"><subfield code="t">Williams Hastings news</subfield><subfield code="w">(DLC)sn 95073293</subfield></datafield><datafield ind1="1" ind2=" " tag="029"><subfield code="a">AU@</subfield><subfield code="b">000012082016</subfield></datafield></record>